@article{Coles1996a,
    title = {{A Bayesian Analysis of Extreme Rainfall Data}},
    year = {1996},
    journal = {Source Journal of the Royal Statistical Society. Series C (Applied Statistics) Statist},
    author = {Coles, Stuart G and Tawn, Jonathan A and Co Lest, Stuart G},
    doi = {10.2307/2986068},
    issn = {00359254},
    keywords = {Bayesian models, Extreme value theory, Markov chain Monte Carlo method, Point processes, Prior information, Rainfall}
}

@article{Smith1987,
    title = {{A Comparison of Maximum Likelihood and Bayesian Estimators for the Three- Parameter Weibull Distribution}},
    year = {1987},
    journal = {Journal of the Royal Statistical Society. Series C (Applied Statistics)},
    author = {Smith, R. L. and Naylor, J. C.},
    isbn = {00359254},
    doi = {10.2307/2347795},
    issn = {0035-9254},
    pmid = {21158197}
}

@article{Reich2012,
    title = {{A hierarchical max-stable spatial model for extreme precipitation}},
    year = {2012},
    journal = {Annals of Applied Statistics},
    author = {Reich, Brian J. and Shaby, Benjamin A.},
    isbn = {2122633255},
    doi = {10.1214/12-AOAS591},
    issn = {19417330},
    pmid = {23795226},
    arxivId = {arXiv:1301.1530v1},
    keywords = {Gaussian extreme value process, Generalized extreme value distribution, Positive stable distribution, Regional climate model}
}

@article{Haan1984,
    title = {{A Spectral Representation for Max-stable Processes}},
    year = {1984},
    journal = {The Annals of Probability},
    author = {Haan, L De},
    isbn = {00911798},
    doi = {10.2307/2243357},
    issn = {0091-1798}
}

@article{Smith2009,
    title = {{An extended Gaussian max-stable process model for spatial extremes}},
    year = {2009},
    journal = {Journal of Statistical Planning and Inference},
    author = {Smith, Elizabeth L. and Stephenson, Alec G.},
    doi = {10.1016/j.jspi.2008.08.003},
    issn = {03783758},
    keywords = {Bayesian modelling, Extreme value theory, Max-stable processes, Multivariate extreme value theory, Spatial extremes}
}

@article{Mitchell2005,
    title = {{An improved method of constructing a database of monthly climate observations and associated high-resolution grids}},
    year = {2005},
    journal = {International Journal of Climatology},
    author = {Mitchell, Timothy D. and Jones, Philip D.},
    isbn = {1097-0088},
    doi = {10.1002/joc.1181},
    issn = {08998418},
    keywords = {Climate, Cloud, Grids, Homogeneity, Observations, Precipitation, Temperature, Vapour}
}

@article{Coles1996,
    title = {{Bayesian Methods in Extreme Value Modelling: A Review and New Developments}},
    year = {1996},
    journal = {International Statistical Review / Revue Internationale de Statistique},
    author = {Coles, Stuart G. and Powell, Elwyn A.},
    doi = {10.2307/1403426},
    issn = {03067734},
    pmid = {24091550}
}

@misc{Coles2005,
    title = {{Bayesian modelling of extreme surges on the UK east coast}},
    year = {2005},
    booktitle = {Philosophical Transactions of the Royal Society A: Mathematical, Physical and Engineering Sciences},
    author = {Coles, Stuart and Tawn, Jonathan},
    isbn = {1364-503X (Print){\textbackslash}r1364-503X (Linking)},
    doi = {10.1098/rsta.2005.1574},
    issn = {1364503X},
    pmid = {16191656},
    keywords = {Bayesian modelling, Extreme values, Floods, Surge}
}

@article{Shaby2012,
    title = {{Bayesian spatial extreme value analysis to assess the changing risk of concurrent high temperatures across large portions of European cropland}},
    year = {2012},
    journal = {Environmetrics},
    author = {Shaby, Benjamin A. and Reich, Brian J.},
    isbn = {0921-8009},
    doi = {10.1002/env.2178},
    issn = {11804009},
    pmid = {3},
    arxivId = {RePEc:eee:ecolec:v:35:y:2000:i:1:p:25-33},
    keywords = {Agriculture, Climate change, Max-stable process}
}

@article{Lobell2011,
    title = {{Climate trends and global crop production since 1980}},
    year = {2011},
    journal = {Science},
    author = {Lobell, David B. and Schlenker, Wolfram and Costa-Roberts, Justin},
    isbn = {1095-9203 (Electronic){\textbackslash}n0036-8075 (Linking)},
    doi = {10.1126/science.1204531},
    issn = {00368075},
    pmid = {21551030},
    arxivId = {20}
}

@article{Davison2013,
    title = {{Geostatistics of Dependent and Asymptotically Independent Extremes}},
    year = {2013},
    journal = {Mathematical Geosciences},
    author = {Davison, A. C. and Huser, R. and Thibaud, E.},
    doi = {10.1007/s11004-013-9469-y},
    issn = {18748961},
    keywords = {Asymptotic independence, Brown-Resnick process, Gaussian process, Generalised Pareto distribution, Max-stable process, Statistics of extremes}
}

@article{Davison2012,
    title = {{Geostatistics of extremes}},
    year = {2012},
    journal = {Proceedings of the Royal Society A: Mathematical, Physical and Engineering Sciences},
    author = {Davison, A. C. and Gholamrezaee, M. M.},
    isbn = {2786628229},
    doi = {10.1098/rspa.2011.0412},
    issn = {14712946},
    pmid = {22942742},
    keywords = {Composite marginal likelihood, Extremal coefficient, Max-stable process, Spatial statistics, Statistics of extremes, Temperature data}
}

@article{Padoan2010,
    title = {{Likelihood-based inference for max-stable processes}},
    year = {2010},
    journal = {Journal of the American Statistical Association},
    author = {Padoan, S. A. and Ribatet, M. and Sisson, S. A.},
    isbn = {0162-1459},
    doi = {10.1198/jasa.2009.tm08577},
    issn = {01621459},
    pmid = {18469669},
    arxivId = {0902.3060},
    keywords = {Extreme value theory, Multivariate extreme analysis, Pseudo-likelihood, Rainfall, Spatial dependence, Spatial extremes}
}

@article{Smith1990,
    title = {{Max-stable processes and spatial extremes}},
    year = {1990},
    journal = {Unpublished manuscript, University of Surrey},
    author = {Smith, R. L.},
    isbn = {9788578110796},
    doi = {10.1017/CBO9781107415324.004},
    issn = {1098-6596},
    pmid = {25246403},
    arxivId = {arXiv:1011.1669v3},
    keywords = {gaussian extreme value process, hydrological extremes, max-, multivariate extreme value theory, stable process}
}

@article{Davison1990,
    title = {{Models for Exceedances over High Thresholds}},
    year = {1990},
    journal = {Journal of the Royal Statistical Society. Series B},
    author = {Davison, A.C. and Smith, R.L.},
    isbn = {00359246},
    doi = {10.2307/2345667},
    issn = {00359246},
    pmid = {23012209},
    keywords = {maximum likelihood, nuclear siting policy, peaks over threshold, point, process, profile likelihood, regression, return level, river flows, seasonality, statistics of extremes, wave heights}
}

@article{Schlather2002,
    title = {{Models for Stationary Max-Stable Random Fields}},
    year = {2002},
    journal = {Extremes},
    author = {Schlather, Martin},
    isbn = {1386-1999},
    doi = {10.1023/A:1020977924878},
    issn = {1386-1999},
    pmid = {29135785},
    keywords = {Gaussian random field, bivariate extreme value distribution, dependence function, max-stable random field, rainfall modeling, simulation of max-stable processes}
}

@book{DavisonA.C.2018,
    title = {{Risks, Rares and Extremes Lecture Notes EPFL}},
    year = {2018},
    author = {{Davison A.C.}},
    publisher = {Unpublished},
    address = {Lausanne}
}

@article{Huser2014,
    title = {{Space-time modelling of extreme events}},
    year = {2014},
    journal = {Journal of the Royal Statistical Society. Series B: Statistical Methodology},
    author = {Huser, R. and Davison, A. C.},
    isbn = {1467-9868},
    doi = {10.1111/rssb.12035},
    issn = {13697412},
    arxivId = {1201.3245},
    keywords = {Composite likelihood, Extremal coefficient, Max-stable process, Rainfall data, Random set, Threshold-based inference}
}

@article{Davison2012a,
    title = {{Statistical Modeling of Spatial Extremes}},
    year = {2012},
    journal = {Statistical Science},
    author = {Davison, A. C. and Padoan, S. A. and Ribatet, M.},
    isbn = {0883-4237},
    doi = {10.1214/11-STS376},
    issn = {0883-4237},
    arxivId = {arXiv:1208.3378v1}
}

@article{Davison2015,
    title = {{Statistics of Extremes}},
    year = {2015},
    journal = {Annual Review of Statistics and Its Application},
    author = {Davison, A.C. and Huser, R.},
    isbn = {10.1146/annurev-statistics-010814-020133},
    doi = {10.1146/annurev-statistics-010814-020133},
    issn = {2326-8298},
    pmid = {13625089}
}

@article{Ferreira2014,
    title = {{The generalized Pareto process; with a view towards application and simulation}},
    year = {2014},
    journal = {Bernoulli},
    author = {Ferreira, Ana and de Haan, Laurens},
    isbn = {0012-3706 (Print){\textbackslash}r0012-3706 (Linking)},
    doi = {10.3150/13-BEJ538},
    issn = {1350-7265},
    pmid = {5774852},
    arxivId = {1203.2551}
}

@article{Thibaud2015EfficientProcesses,
    title = {{Efficient inference and simulation for elliptical Pareto processes}},
    year = {2015},
    journal = {Biometrika},
    author = {Thibaud, Emeric and Opitz, Thomas},
    doi = {10.1093/biomet/asv045},
    issn = {14643510},
    arxivId = {arXiv:1401.0168v1},
    keywords = {Censored likelihood, Elliptical extremes, Extremal-t process, Pareto process, Simulation}
}

@article{DavisonA.C.2018RisksEPFL,
    title = {{Risks, Rares and Extremes Lecture Notes EPFL}},
    year = {2018},
    author = {{Davison A.C.}},
    publisher = {Unpublished},
    address = {Lausanne}
}